<?xml version="1.0" encoding="UTF-8"?><record xmlns="http://www.loc.gov/MARC21/slim" xmlns:cinclude="http://apache.org/cocoon/include/1.0" xmlns:zs="http://www.loc.gov/zing/srw/">
  <leader>00422nz  a2200121n  4500</leader>
  <controlfield tag="001">n  87948850 </controlfield>
  <controlfield tag="003">DLC</controlfield>
  <controlfield tag="005">19871113125203.0</controlfield>
  <controlfield tag="008">870922n| acannaab|          |n aaa |||  </controlfield>
  <datafield tag="010" ind1=" " ind2=" ">
    <subfield code="a">n  87948850 </subfield>
  </datafield>
  <datafield tag="040" ind1=" " ind2=" ">
    <subfield code="a">DLC</subfield>
    <subfield code="c">DLC</subfield>
    <subfield code="d">DLC</subfield>
  </datafield>
  <datafield tag="100" ind1="1" ind2="0">
    <subfield code="a">MuĚller, H. J. A.</subfield>
  </datafield>
  <datafield tag="670" ind1=" " ind2=" ">
    <subfield code="a">Author's Tourism and development, 1985:</subfield>
    <subfield code="b">t.p. (H. J. A. MuĚller; Ind. and Tertiary Dev. Branch, Dev. Res. and Specialist Ser. Div., Dev. Bank of Southern Africa)</subfield>
  </datafield>
</record>